<?xml version="1.0" encoding="UTF-8"?><collection xmlns="http://www.loc.gov/MARC21/slim"><record><leader>00607nam--2200205-u-4500</leader><controlfield tag="001">000050491</controlfield><controlfield tag="002">20161230</controlfield><controlfield tag="003">81843</controlfield><controlfield tag="005">20161230201048</controlfield><controlfield tag="008">070514s1000------------r-----000-0-eng-d</controlfield><datafield ind1=" " ind2=" " tag="020"><subfield code="a">1402019009</subfield></datafield><datafield ind1=" " ind2=" " tag="040"><subfield code="a">IFIN-HH</subfield></datafield><datafield ind1=" " ind2=" " tag="080"><subfield code="a">548</subfield></datafield><datafield ind1="1" ind2=" " tag="100"><subfield code="a">Prince</subfield></datafield><datafield ind1="1" ind2="0" tag="245"><subfield code="a">Mathematical, physical and chemical tables</subfield><subfield code="b">International data tables for crystallography vol.c</subfield><subfield code="c">E. prince (ed.)</subfield></datafield><datafield ind1=" " ind2=" " tag="250"><subfield code="a">Third Edition</subfield></datafield><datafield ind1=" " ind2=" " tag="260"><subfield code="a">Dordrecht</subfield><subfield code="b">Kluwer Academic Publishers</subfield><subfield code="c">2004</subfield></datafield><datafield ind1=" " ind2=" " tag="490"><subfield code="a">International Data Tables For Crystallography</subfield><subfield code="v">Vol.C</subfield></datafield><datafield ind1=" " ind2=" " tag="852"><subfield code="c">548</subfield></datafield><datafield ind1=" " ind2=" " tag="CAT"><subfield code="a">Sys</subfield><subfield code="c">20140227</subfield><subfield code="h">145135</subfield></datafield></record></collection>